@Manual{volere,
 author    = "James {Robertson} and Suzanne {Robertson}",
 title     = "Volere Requirements Specification Template",
 year      =  2012,
 edition   = "16"
}